
@article{clemen1989combining,
  title={Combining forecasts: A review and annotated bibliography},
  author={Clemen, Robert T},
  journal={International journal of forecasting},
  volume={5},
  number={4},
  pages={559--583},
  year={1989},
  publisher={Elsevier}
}


@article{baumol1958warehouse,
  title={A warehouse-location problem},
  author={Baumol, William J and Wolfe, Philip},
  journal={Operations Research},
  volume={6},
  number={2},
  pages={252--263},
  year={1958},
  publisher={INFORMS}
}


@online{introform,
	author =       {HashiCorp},
	title =        {What is Terraform?},
	    date = {2022-04-14},
	url =  {https://www.terraform.io/intro},
	urldate =      {2022-09-07}
}

@online{TerraProviders,
	author =       {HashiCorp},
	title =        {Providers},
	    date = {2022},
	url =  {https://registry.terraform.io/browse/providers},
	urldate =      {2022-09-07}
}

@inproceedings{he2017mask,
  title={Mask r-cnn},
  author={He, Kaiming and Gkioxari, Georgia and Doll{\'a}r, Piotr and Girshick, Ross},
  booktitle={Proceedings of the IEEE international conference on computer vision},
  pages={2961--2969},
  year={2017}
}

@book{Terraform,
  title={Terraform: Up & Running: Writing Infrastructure as Code},
  author={Yevgeniy Brikman},
  year={2019},
  publisher={O'Reilly Media, Inc.}
}

@online{TrID,
	author =       {Marco Pontello},
	title =        {TrID - File Identifyer},
	    date = {2022},
	url =  {https://mark0.net/soft-trid-e.html},
	urldate =      {2022-10-01}
}

@article{Cyberbundesreg,
  title={Antwort der Bundesregierung auf die Kleine Anfrage der Abgeordneten Stephan Thomae, Grigorios Aggelidis, 
Renata Alt, weiterer Abgeordneter und der Fraktion der FDP 
– Drucksache 19/7321 –},
  author={Bundesregierung 2019 19.Wahlperiode},
  journal={Bundesministerium des Innern, für Bau und Heimat},
  pages={2},
  year={07.02.2019},
  publisher={Bundesministerium des Innern, für Bau und Heimat}
}

@article{WhyAnaly,
  title={Practical Malware Analysis},
  author={Kris Kendall},
  journal={Mandiant},
  pages={1},
  year={2007},
  publisher={Mandiant}
}

@book{BookPrcMal,
  title={Practical Malware Analysis},
  author={Michael Sikorski},
  year={2012},
  publisher={No Starch Press},
  ISBN={978-1-59327-290-6}
}

@online{MietUmg,
	author =       {BitNinja},
	title =        {THE ULTIMATE SERVER PROTECTION SUITE FOR SHARED HOSTING PROVIDERS},
	    date = {2022},
	url =  {https://bitninja.com/shared-hosting-provider/?utm_term=malware\%20security&utm_campaign=Malware_GSN_GER_EN_INTREN&utm_source=adwords&utm_medium=ppc&hsa_acc=9455453774&hsa_cam=11801768626&hsa_grp=113489762854&hsa_ad=622880700450&hsa_src=g&hsa_tgt=kwd-1746658985&hsa_kw=malware\%20security&hsa_mt=p&hsa_net=adwords&hsa_ver=3&gclid=CjwKCAjws--ZBhAXEiwAv-RNL5ygANH59rZd8HDRY71fbs7nsqEb7oLeZvYOiLzyeTzYy4K_cVa59RoCnQwQAvD_BwE},
	urldate =      {2022-10-01}
}

@InProceedings{PubliTerra,
  author        = {Michael Howard},
  doi={https://doi.org/10.48550/arXiv.2205.10676},
  archiveprefix = {arXiv},
  title         = {Terraform — Automating Infrastructure As A Service},
  year          = {2022},
  publisher     = {Portland State University},
  pages         = {1}
}

@online{TFWorkflow,
	author =       {HashiCorp},
	title =        {The Core Terraform Workflow},
	    date = {2022},
	url =  {https://www.terraform.io/intro/core-workflow},
	urldate =      {2022-10-02}
}


